<?xml version="1.0" encoding="UTF-8"?><collection xmlns="http://www.loc.gov/MARC21/slim"><record><leader>00595nam--2200193-u-4500</leader><controlfield tag="001">000053540</controlfield><controlfield tag="002">20161230</controlfield><controlfield tag="005">20161230201051</controlfield><controlfield tag="008">110412s1000------------r-----000-0-eng-d</controlfield><datafield ind1=" " ind2=" " tag="020"><subfield code="a">0122694503</subfield></datafield><datafield ind1=" " ind2=" " tag="040"><subfield code="a">IFIN-HH</subfield></datafield><datafield ind1=" " ind2=" " tag="080"><subfield code="a">616.157:57.012.4</subfield></datafield><datafield ind1="1" ind2=" " tag="100"><subfield code="a">Fuller, R</subfield></datafield><datafield ind1="1" ind2="0" tag="245"><subfield code="a">Microbial ultrastructure</subfield><subfield code="b">The use of the electron microscope ; the society for applied bacteriology technical series no 10</subfield><subfield code="c">R. fuller; d.w. lovelock (eds.)</subfield></datafield><datafield ind1=" " ind2=" " tag="260"><subfield code="a">London</subfield><subfield code="b">Academic Press</subfield><subfield code="c">1976</subfield></datafield><datafield ind1=" " ind2=" " tag="300"><subfield code="a">340P</subfield></datafield><datafield ind1="1" ind2=" " tag="700"><subfield code="a">Lovelock, D.W</subfield><subfield code="e">Ed</subfield></datafield><datafield ind1=" " ind2=" " tag="852"><subfield code="a">81230</subfield><subfield code="c">61</subfield></datafield><datafield ind1=" " ind2=" " tag="CAT"><subfield code="a">Sys</subfield><subfield code="c">20110412</subfield><subfield code="h">150002</subfield></datafield></record></collection>